<?xml version="1.0" encoding="utf-8"?>
<record xmlns="http://www.loc.gov/MARC21/slim" xmlns:xsi="http://www.w3.org/2001/XMLSchema-instance" xsi:schemaLocation="http://www.loc.gov/MARC21/slim http://www.loc.gov/standards/marcxml/schema/MARC21slim.xsd">
	<leader>     nam a22        4500</leader>
	<controlfield tag="001">b1231299x</controlfield>
	<controlfield tag="003">LeBAU</controlfield>
	<controlfield tag="006">m        d        </controlfield>
	<controlfield tag="007">cr cn |||m|||a</controlfield>
	<controlfield tag="008">170131m19231925ua a    o     000 0 ara d</controlfield>
	<datafield ind1=" " ind2=" " tag="040">
		<subfield code="a">NNU</subfield>
		<subfield code="b">ara</subfield>
		<subfield code="e">rda</subfield>
		<subfield code="c">NNU</subfield>
	</datafield>
	<datafield ind1="0" ind2="4" tag="082">
		<subfield code="a">039</subfield>
		<subfield code="2">20</subfield>
	</datafield>
	<datafield ind1="1" ind2=" " tag="100">
		<subfield code="6">880-01</subfield>
		<subfield code="a">Wajdī, Muḥammad Farīd,</subfield>
		<subfield code="d">1875-1954,</subfield>
		<subfield code="e">compiler.</subfield>
	</datafield>
	<datafield ind1="1" ind2="0" tag="245">
		<subfield code="6">880-02</subfield>
		<subfield code="a">Dā’irat ma‘ārif al-qarn al-rābi‘ ashar, al-‘ishrīn /</subfield>
		<subfield code="c">ta’līf Muḥammad Farīd Wajdī.</subfield>
	</datafield>
	<datafield ind1="3" ind2="0" tag="246">
		<subfield code="6">880-03</subfield>
		<subfield code="a">Dā’irat ma‘ārif al-qarn al-‘ishrīn </subfield>
	</datafield>
	<datafield ind1=" " ind2=" " tag="250">
		<subfield code="6">880-04</subfield>
		<subfield code="a">al-Ṭab‘ah al-thānīyah.</subfield>
	</datafield>
	<datafield ind1=" " ind2="1" tag="264">
		<subfield code="6">880-05</subfield>
		<subfield code="a">[Miṣr] :</subfield>
		<subfield code="b">Maṭba‘at Dā’irat Ma‘ārif al-Qarn al-‘Ishrīn,</subfield>
		<subfield code="c">1342-1343 H. = 1923-1925 M.</subfield>
	</datafield>
	<datafield ind1=" " ind2=" " tag="300">
		<subfield code="6">880-06</subfield>
		<subfield code="a">online resource (10 volumes) :</subfield>
		<subfield code="b">illustrations</subfield>
	</datafield>
	<datafield ind1=" " ind2=" " tag="336">
		<subfield code="a">text</subfield>
		<subfield code="2">rdacontent</subfield>
	</datafield>
	<datafield ind1=" " ind2=" " tag="337">
		<subfield code="a">computer</subfield>
		<subfield code="2">rdamedia</subfield>
	</datafield>
	<datafield ind1=" " ind2=" " tag="338">
		<subfield code="a">online resource</subfield>
		<subfield code="2">rdacarrier</subfield>
	</datafield>
	<datafield ind1=" " ind2=" " tag="500">
		<subfield code="a">&quot;فهرس عام مطول للغة العربية والعلوم النقلية والعقلية والكونية بجميع أصولها وفروعها، ففيه النحو والصرف والبلاغة والمسائل الدينية وتاريخ الفرق والمذاهب والتفسير والحديث والأصول والتاريخ العام والخاص وتراجم مشهوري الشرق والغرب والجغرافية الطبيعية والسياسية والكيمياء والفلك والفلسفة والعلوم الإجتماعية والإقتصادية والروحية والطب والعلاج وقانون الصحة والفوائد المنزلية وخواص العقاقير والأقرباذين والإحصاءات وسائر ما يهم الإنسان في جميع المطالب.&quot;</subfield>
	</datafield>
	<datafield ind1=" " ind2=" " tag="500">
		<subfield code="a">&quot;حاز هذا الكتاب رضا وزارة المعارف العمومية والجامعة الأزهرية ومجالس الديريات فقررته لجميع معاهدها الدراسية.&quot;</subfield>
	</datafield>
	<datafield ind1=" " ind2=" " tag="500">
		<subfield code="a">Part of the Arabic Collections Online (ACO) project, contributed by American University of Beirut's Jafet Memorial Library.</subfield>
	</datafield>
	<datafield ind1=" " ind2=" " tag="533">
		<subfield code="a">Electronic reproduction.</subfield>
		<subfield code="b">New York, N.Y. :</subfield>
		<subfield code="c">New York University,</subfield>
		<subfield code="d">2017.</subfield>
		<subfield code="5">NNU</subfield>
	</datafield>
	<datafield ind1=" " ind2="4" tag="650">
		<subfield code="a">اللغة العربية</subfield>
		<subfield code="v">قواميس.</subfield>
	</datafield>
	<datafield ind1=" " ind2="4" tag="650">
		<subfield code="a">الموسوعات والقواميس العربية.</subfield>
	</datafield>
	<datafield ind1=" " ind2="0" tag="650">
		<subfield code="a">Arabic language</subfield>
		<subfield code="v">Dictionaries.</subfield>
	</datafield>
	<datafield ind1=" " ind2="0" tag="650">
		<subfield code="a">Encyclopedias and dictionaries, Arabic.</subfield>
	</datafield>
	<datafield ind1="2" ind2=" " tag="710">
		<subfield code="a">Jafet Memorial Library.</subfield>
	</datafield>
	<datafield ind1="0" ind2=" " tag="730">
		<subfield code="a">Arabic Collections Online.</subfield>
	</datafield>
	<datafield ind1="0" ind2="8" tag="776">
		<subfield code="i">Print version:</subfield>
		<subfield code="a">Wajdī, Muḥammad Farīd, 1875-1954, compiler.</subfield>
		<subfield code="t">Dā’irat ma‘ārif al-qarn al-rābi‘ ashar, al-‘ishrīn</subfield>
		<subfield code="w">(LeBAU)b1231299x</subfield>
	</datafield>
	<datafield ind1="4" ind2="0" tag="856">
		<subfield code="u">http://hdl.handle.net/2333.1/j9kd55x0</subfield>
	</datafield>
	<datafield ind1="1" ind2=" " tag="880">
		<subfield code="6">100-01/(3/r</subfield>
		<subfield code="a">وجدي، محمد فريد،</subfield>
		<subfield code="d">1875-1954،</subfield>
		<subfield code="e">معد. </subfield>
		<subfield code="4">com.</subfield>
	</datafield>
	<datafield ind1="1" ind2="0" tag="880">
		<subfield code="6">245-02/(3/r</subfield>
		<subfield code="a">دائرة معارف القرن الرابع عشر، العشرين /</subfield>
		<subfield code="c">تأليف محمد فريد وجدي.</subfield>
	</datafield>
	<datafield ind1="3" ind2="0" tag="880">
		<subfield code="6">246-03/(3/r</subfield>
		<subfield code="a">دائرة معارف القرن العشرين</subfield>
	</datafield>
	<datafield ind1=" " ind2=" " tag="880">
		<subfield code="6">250-04/(3/r</subfield>
		<subfield code="a">الطبعة الثانية.</subfield>
	</datafield>
	<datafield ind1=" " ind2="1" tag="880">
		<subfield code="6">264-05/(3/r</subfield>
		<subfield code="a">[مصر] :</subfield>
		<subfield code="b">مطبعة دائرة معارف القرن العشرين،</subfield>
		<subfield code="c">1342-1343 هـ. = 1923-1925 م.</subfield>
	</datafield>
	<datafield ind1=" " ind2=" " tag="880">
		<subfield code="6">300-06/(3/r</subfield>
		<subfield code="a">10 مجلدات :</subfield>
		<subfield code="b">مصورات ؛</subfield>
		<subfield code="c">23 سم</subfield>
	</datafield>
	<datafield ind1=" " ind2=" " tag="959">
		<subfield code="a">NNU</subfield>
		<subfield code="b">WEB</subfield>
		<subfield code="c">GENI</subfield>
		<subfield code="t">0</subfield>
		<subfield code="m">Electronic access</subfield>
		<subfield code="s">01</subfield>
	</datafield>
	<datafield ind1=" " ind2=" " tag="999">
		<subfield code="i">LeBAU_b1231299x</subfield>
		<subfield code="s">aub_aco000450:v.1</subfield>
		<subfield code="s">aub_aco000451:v.2</subfield>
		<subfield code="s">aub_aco000452:v.3</subfield>
		<subfield code="s">aub_aco000453:v.4</subfield>
		<subfield code="s">aub_aco000454:v.5</subfield>
		<subfield code="s">aub_aco000455:v.6</subfield>
		<subfield code="s">aub_aco000456:v.7</subfield>
		<subfield code="s">aub_aco000457:v.8</subfield>
		<subfield code="s">aub_aco000458:v.9</subfield>
		<subfield code="s">aub_aco000459:v.10</subfield>
		<subfield code="e">(ERROR-MISC)</subfield>
	</datafield>
</record>
